@misc{residual,
      title={Deep Residual Learning for Image Recognition},
      author={Kaiming He and Xiangyu Zhang and Shaoqing Ren and Jian Sun},
      year={2015},
      eprint={1512.03385},
      archivePrefix={arXiv},
      primaryClass={cs.CV}
}
@misc{cyclegan,
      title={Unpaired Image-to-Image Translation using Cycle-Consistent Adversarial Networks},
      author={Jun-Yan Zhu and Taesung Park and Phillip Isola and Alexei A. Efros},
      year={2020},
      eprint={1703.10593},
      archivePrefix={arXiv},
      primaryClass={cs.CV}
}
@inproceedings{resunet,
   title={Road Extraction by Deep Residual U-Net},
   volume={15},
   ISSN={1558-0571},
   url={http://dx.doi.org/10.1109/LGRS.2018.2802944},
   DOI={10.1109/lgrs.2018.2802944},
   number={5},
   journal={IEEE Geoscience and Remote Sensing Letters},
   publisher={Institute of Electrical and Electronics Engineers (IEEE)},
   author={Zhang, Zhengxin and Liu, Qingjie and Wang, Yunhong},
   year={2018},
   month={May},
   pages={749â€“753}
}
@inproceedings{unet,
      title={U-Net: Convolutional Networks for Biomedical Image Segmentation},
      author={Olaf Ronneberger and Philipp Fischer and Thomas Brox},
      year={2015},
      eprint={1505.04597},
      archivePrefix={arXiv},
      primaryClass={cs.CV}
}
@inproceedings{intro,
author = {Roman-Gonzalez, Avid},
year = {2013},
month = {10},
pages = {},
title = {Compression Based Analysis of Image Artifacts: Application to Satellite Images}
}
%@inproceedings{kour2014real,
%  title={Real-time segmentation of on-line handwritten arabic script},
%  author={Kour, George and Saabne, Raid},
%  booktitle={Frontiers in Handwriting Recognition (ICFHR), 2014 14th International Conference on},
%  pages={417--422},
%  year={2014},
%  organization={IEEE}
%}

%@article{hadash2018estimate,
%  title={Estimate and Replace: A Novel Approach to Integrating Deep Neural Networks with Existing Applications},
%  author={Hadash, Guy and Kermany, Einat and Carmeli, Boaz and Lavi, Ofer and Kour, George and Jacovi, Alon},
%  journal={arXiv preprint arXiv:1804.09028},
%  year={2018}
%}